@article{kessler2017scattertext,
  author    = {Kessler, Jason S.},
  title     = {Scattertext: a Browser-Based Tool for Visualizing how Corpora Differ},
  booktitle = {Proceedings of ACL-2017 System Demonstrations},
  year      = {2017},
  address   = {Vancouver, Canada},
  publisher = {Association for Computational Linguistics},
}

@inproceedings{kiesel2019semeval,
  title={Semeval-2019 task 4: Hyperpartisan news detection},
  author={Kiesel, Johannes and Mestre, Maria and Shukla, Rishabh and Vincent, Emmanuel and Adineh, Payam and Corney, David and Stein, Benno and Potthast, Martin},
  booktitle={Proceedings of the 13th International Workshop on Semantic Evaluation},
  pages={829--839},
  year={2019}
}